<?xml version="1.0" encoding="UTF-8"?><collection xmlns="http://www.loc.gov/MARC21/slim"><record><leader>00457nam--2200133-i-4500</leader><controlfield tag="001">000036104</controlfield><controlfield tag="002">20161230</controlfield><controlfield tag="005">20161230201040</controlfield><controlfield tag="008">060222s1000------------r-----000-0-eng-d</controlfield><datafield ind1=" " ind2=" " tag="080"><subfield code="a">539.125.523.5(043)</subfield></datafield><datafield ind1=" " ind2=" " tag="100"><subfield code="a">Nisan, Seferian</subfield></datafield><datafield ind1=" " ind2=" " tag="245"><subfield code="a">Studiul termalizarii neutronilor in medii finite moderatoare si multiplicative prin metoda caracteristicei de frecventa.teza de doctorat</subfield></datafield><datafield ind1=" " ind2=" " tag="260"><subfield code="a">Bucuresti, Institutul De Fizica Atomica, 1974. 126p</subfield></datafield><datafield ind1=" " ind2=" " tag="852"><subfield code="a">733</subfield></datafield></record></collection>